@book{ms-sql-server,
    author={Microsoft},
    title={\corp{\corpabbr{SQL} Server} technical documentation},
    year={2024},
    url={https://learn.microsoft.com/en-us/sql/sql-server/?view=sql-server-ver16},
    Comment={text}
}

%@book{makarov_linear_systems,
%    author={{И.\,М.\ Макаров, Б.\,М.\ Менский}},
%    year={1982},
%    publisher={Издательство \quote{Машиностроение}},
%    title={Линейные автоматические системы},
%    library={Калининградская областная научная библиотека},
%    language=russian,
%}

%@book{popov_control_theory,
%    author={{В.\,А.\ Бесеркерский, Е.\.П.}},
%    year={1975},
%    publisher={Издательство \quote{Наука}},
%    title={Теория систем автоматического регулирования},
%    library={Калининградская областная научная библиотека},
%    language=russian,
%}

%@article{rowell_state_space,
%    author={Дерек Роуэлл},
%    title={State-Space Representation of \abbr{LTI} Systems},
%    organization={Massachusetts Institute of Technology},
%    year={2002},
%    language=english,
%}
